Reestruturação e aperfeiçoamento de uma ferramenta para detecção de conflitos semânticos de código

@INPROCEEDINGS{leuson:icsme,
  author={Silva, Leuson Da and Borba, Paulo and Mahmood, Wardah and Berger, Thorsten and Moisakis, João},
  booktitle={2020 IEEE International Conference on Software Maintenance and Evolution (ICSME)}, 
  title={Detecting Semantic Conflicts via Automated Behavior Change Detection}, 
  year={2020},
  volume={},
  number={},
  pages={174-184},
  doi={10.1109/ICSME46990.2020.00026}}
  
 @INPROCEEDINGS{cavalcanti:icse,
  author={Cavalcanti, Guilherme and Borba, Paulo and Accioly, Paola},
  booktitle={2017 IEEE/ACM 39th International Conference on Software Engineering Companion (ICSE-C)}, 
  title={Should We Replace Our Merge Tools?}, 
  year={2017},
  volume={},
  number={},
  pages={325-327},
  doi={10.1109/ICSE-C.2017.103}}
  
 @PHDTHESIS{leuson:tese,
  title={Detecting, Understanding, and Resolving Build and Test Conflicts},   
  author={SILVA, Leuson Da},
  year={2022},
  school={Universidade Federal de Pernambuco}
}

@article{leuson:build,
  title={Build conflicts in the wild},
  author={Da Silva, L{\'e}uson and Borba, Paulo and Pires, Arthur},
  journal={Journal of Software: Evolution and Process},
  volume={34},
  number={4},
  pages={e2441},
  year={2022},
  publisher={Wiley Online Library}
}

@inproceedings{evosuite:manual,
  title={A tutorial on using and extending the evosuite search-based test generator},
  author={Fraser, Gordon},
  booktitle={International Symposium on Search Based Software Engineering},
  pages={106--130},
  year={2018},
  organization={Springer}
}

@inproceedings{randoop,
  title={Feedback-directed random test generation},
  author={Pacheco, Carlos and Lahiri, Shuvendu K and Ernst, Michael D and Ball, Thomas},
  booktitle={29th International Conference on Software Engineering (ICSE'07)},
  pages={75--84},
  year={2007},
  organization={IEEE}
}

@book{ousterhout2018philosophy,
  title={A philosophy of software design},
  author={Ousterhout, John K},
  volume={98},
  year={2018},
  publisher={Yaknyam Press Palo Alto}
}

@article{lehtosalo2021mypy,
  title={Mypy: Optional static typing for Python},
  author={Lehtosalo, Jukka and Rossum, G v and Levkivskyi, Ivan and Sullivan, Michael J and Fisher, D and Price, G and Lee, M and Seyfer, N and Barton, R and Ilinskiy, S and others},
  journal={URL: http://mypy-lang. org/[cited 2021-11-30]},
  year={2021}
}

@inproceedings{kleinschmager2012static,
  title={Do static type systems improve the maintainability of software systems? An empirical study},
  author={Kleinschmager, Sebastian and Robbes, Romain and Stefik, Andreas and Hanenberg, Stefan and Tanter, Eric},
  booktitle={2012 20th IEEE International Conference on Program Comprehension (ICPC)},
  pages={153--162},
  year={2012},
  organization={IEEE}
}

@inproceedings{hanenberg2009impact,
  title={What is the impact of static type systems on programming time},
  author={Hanenberg, Stefan},
  booktitle={PLATEAU Workshop at OOPSLA'09},
  year={2009}
}

@misc{jacoco,
  title={JaCoCo code coverage tool},
  author={Hoffmann, M and Janiczak, Brock and Mandrikov, Evgeny and Friedenhagen, Mirko},
  year={2009},
  publisher={Online}
}

@book{gof,
  title={Design patterns: elements of reusable object-oriented software},
  author={Gamma, Erich and Helm, Richard and Johnson, Ralph and Johnson, Ralph E and Vlissides, John and others},
  year={1995},
  publisher={Pearson Deutschland GmbH}
}

@article {cavalcanti:2021,
  author = "Georg Seibt and Florian Heck and Guilherme Cavalcanti and Paulo Borba and Sven Apel",
  journal = "IEEE Transactions on Software Engineering",
  title = "Leveraging Structure in Software Merge: An Empirical Study",
  year = "2021",
  pages = "1-1"
}

@book{ddd,
  title={Domain-driven design: tackling complexity in the heart of software},
  author={Evans, Eric J},
  year={2004},
  publisher={Addison-Wesley Professional}
}

@book{fowler2018refactoring,
  title={Refactoring: improving the design of existing code},
  author={Fowler, Martin},
  year={2018},
  publisher={Addison-Wesley Professional}
}